
@article{urbut2018,
	title = {Flexible statistical methods for estimating and testing effects in genomic studies with multiple conditions},
	author = {Urbut, Sarah M. and Wang, Gao and Carbonetto, Peter and Stephens, Matthew},
	year = {2018},
	month = {11},
	date = {2018-11-26},
	journal = {Nature Genetics},
	pages = {187--195},
	volume = {51},
	number = {1},
	doi = {10.1038/s41588-018-0268-8},
	url = {http://dx.doi.org/10.1038/s41588-018-0268-8},
	langid = {en}
}
