
@article{Lovell2021,
	title = {Genomic mechanisms of climate adaptation in polyploid bioenergy switchgrass},
	author = {Lovell, John T. and MacQueen, Alice H. and Mamidi, Sujan and Bonnette, Jason and Jenkins, Jerry and Napier, Joseph D. and Sreedasyam, Avinash and Healey, Adam and Session, Adam and Shu, Shengqiang and Barry, Kerrie and Bonos, Stacy and Boston, LoriBeth and Daum, Christopher and Deshpande, Shweta and Ewing, Aren and Grabowski, Paul P. and Haque, Taslima and Harrison, Melanie and Jiang, Jiming and Kudrna, Dave and Lipzen, Anna and Pendergast, Thomas H. and Plott, Chris and Qi, Peng and Saski, Christopher A. and Shakirov, Eugene V. and Sims, David and Sharma, Manoj and Sharma, Rita and Stewart, Ada and Singan, Vasanth R. and Tang, Yuhong and Thibivillier, Sandra and Webber, Jenell and Weng, Xiaoyu and Williams, Melissa and Wu, Guohong Albert and Yoshinaga, Yuko and Zane, Matthew and Zhang, Li and Zhang, Jiyi and Behrman, Kathrine D. and Boe, Arvid R. and Fay, Philip A. and Fritschi, Felix B. and Jastrow, Julie D. and Lloyd-Reilley, John and {Mart√≠nez-Reyna}, Juan Manuel and Matamala, Roser and Mitchell, Robert B. and Rouquette, Francis M. and Ronald, Pamela and Saha, Malay and Tobias, Christian M. and Udvardi, Michael and Wing, Rod A. and Wu, Yanqi and Bartley, Laura E. and Casler, Michael and Devos, Katrien M. and Lowry, David B. and Rokhsar, Daniel S. and Grimwood, Jane and Juenger, Thomas E. and Schmutz, Jeremy},
	year = {2021},
	month = {01},
	date = {2021-01-27},
	journal = {Nature},
	pages = {438--444},
	volume = {590},
	number = {7846},
	doi = {10.1038/s41586-020-03127-1},
	url = {http://dx.doi.org/10.1038/s41586-020-03127-1},
	langid = {en}
}

@article{Brachi2010,
	title = {Linkage and Association Mapping of Arabidopsis thaliana Flowering Time in Nature},
	author = {Brachi, Benjamin and Faure, Nathalie and Horton, Matt and Flahauw, Emilie and Vazquez, Adeline and Nordborg, Magnus and Bergelson, Joy and Cuguen, Joel and Roux, Fabrice},
	editor = {Mackay, Trudy F. C.},
	year = {2010},
	month = {05},
	date = {2010-05-06},
	journal = {PLoS Genetics},
	pages = {e1000940},
	volume = {6},
	number = {5},
	doi = {10.1371/journal.pgen.1000940},
	url = {http://dx.doi.org/10.1371/journal.pgen.1000940},
	langid = {en}
}

@article{Zhu2023,
	title = {Amplification is the primary mode of gene-by-sex interaction in complex human traits},
	author = {Zhu, Carrie and Ming, Matthew J. and Cole, Jared M. and Edge, Michael D. and Kirkpatrick, Mark and Harpak, Arbel},
	year = {2023},
	month = {05},
	date = {2023-05},
	journal = {Cell Genomics},
	pages = {100297},
	volume = {3},
	number = {5},
	doi = {10.1016/j.xgen.2023.100297},
	url = {http://dx.doi.org/10.1016/j.xgen.2023.100297},
	langid = {en}
}
