@inproceedings{belkin2002using,
  title={Using manifold stucture for partially labeled classification},
  author={Belkin, Mikhail and Niyogi, Partha},
  booktitle={Advances in neural information processing systems},
  pages={929--936},
  year={2002}
}

@article{berard1994embedding,
  title={Embedding Riemannian manifolds by their heat kernel},
  author={B{\'e}rard, Pierre and Besson, G{\'e}rard and Gallot, Sylvain},
  journal={Geometric \& Functional Analysis GAFA},
  volume={4},
  number={4},
  pages={373--398},
  year={1994},
  publisher={Springer}
}

@article{coifman2005geometric,
  title={Geometric diffusions as a tool for harmonic analysis and structure definition of data: Diffusion maps},
  author={Coifman, Ronald R and Lafon, Stephane and Lee, Ann B and Maggioni, Mauro and Nadler, Boaz and Warner, Frederick and Zucker, Steven W},
  journal={Proceedings of the National Academy of Sciences of the United States of America},
  volume={102},
  number={21},
  pages={7426--7431},
  year={2005},
  publisher={National Acad Sciences}
}

@article{olsen1992optimal,
  title={On optimal timing of investment when cost components are additive and follow geometric diffusions},
  author={Olsen, Trond E and Stensland, Gunnar},
  journal={Journal of economic dynamics and control},
  volume={16},
  number={1},
  pages={39--51},
  year={1992},
  publisher={Elsevier}
}

@article{varga2016multilingual,
  title={Multilingual extraction and editing of concept strings for the legal domain},
  author={Varga, Andrea and Edmonds, Andrew N},
  journal={Advances in Computer Science: an International Journal},
  volume={5},
  number={4},
  pages={18--23},
  year={2016}
}

@inproceedings{baklouti2015towards,
  title={Towards patterns-based Linguistic Web Service composition},
  author={Baklouti, Nabil and Gargouri, Bilel and Jmaiel, Mohamed},
  booktitle={Computer Systems and Applications (AICCSA), 2015 IEEE/ACS 12th International Conference of},
  pages={1--6},
  year={2015},
  organization={IEEE}
}

@article{vanraden2008,
	title = {Efficient Methods to Compute Genomic Predictions},
	author = {VanRaden, P.M.},
	year = {2008},
	month = {11},
	date = {2008-11},
	journal = {Journal of Dairy Science},
	pages = {4414--4423},
	volume = {91},
	number = {11},
	doi = {10.3168/jds.2007-0980},
	url = {http://dx.doi.org/10.3168/jds.2007-0980},
	langid = {en}
}

@article{qtl2,
	title = {R/qtl2: software for mapping quantitative trait loci with high-dimensional data and multi-parent populations.},
	author = {Broman, Karl W. and Gatti, Daniel M. and Simecek, Petr and Furlotte, Nicholas A. and Prins, Pjotr and Sen, {{\'{S}}aunak} and Yandell, Brian S. and Churchill, Gary A.},
	year = {2019},
	date = {2019},
	pages = {495--502},
	volume = {211},
	doi = {10.1534/genetics.118.301595},
	url = {https://doi.org/10.1534/genetics.118.301595}
}

@article{Milano2016,
	title = {The Genetic Basis of Upland/Lowland Ecotype Divergence in Switchgrass ({\emph{Panicum virgatum)}}},
	author = {Milano, Elizabeth R and Lowry, David B and Juenger, Thomas E},
	year = {2016},
	month = {11},
	date = {2016-11-01},
	journal = {G3 Genes|Genomes|Genetics},
	pages = {3561--3570},
	volume = {6},
	number = {11},
	doi = {10.1534/g3.116.032763},
	url = {http://dx.doi.org/10.1534/g3.116.032763},
	langid = {en}
}

@article{broman2019,
	title = {R/qtl2: Software for Mapping Quantitative Trait Loci with High-Dimensional Data and Multiparent Populations},
	author = {Broman, Karl W and Gatti, Daniel M and Simecek, Petr and Furlotte, Nicholas A and Prins, Pjotr and Sen, {{\'{S}}aunak} and Yandell, Brian S and Churchill, Gary A},
	year = {2019},
	month = {02},
	date = {2019-02-01},
	journal = {Genetics},
	pages = {495--502},
	volume = {211},
	number = {2},
	doi = {10.1534/genetics.118.301595},
	url = {http://dx.doi.org/10.1534/genetics.118.301595},
	langid = {en}
}

@article{rrBLUP,
	title = {Ridge regression and other kernels for genomic selection with R package rrBLUP},
	author = {Endelman, J. B.},
	year = {2011},
	date = {2011},
	pages = {250--255},
	volume = {4}
}

@article{forsythe1995,
	title = {A model comparison for daylength as a function of latitude and day of year},
	author = {Forsythe, William C. and Rykiel, Edward J. and Stahl, Randal S. and Wu, Hsin-i and Schoolfield, Robert M.},
	year = {1995},
	month = {06},
	date = {1995-06},
	journal = {Ecological Modelling},
	pages = {87--95},
	volume = {80},
	number = {1},
	doi = {10.1016/0304-3800(94)00034-f},
	url = {http://dx.doi.org/10.1016/0304-3800(94)00034-F},
	langid = {en}
}

@article{Urbut2019,
	title = {Flexible statistical methods for estimating and testing effects in genomic studies with multiple conditions},
	author = {Urbut, Sarah M. and Wang, Gao and Carbonetto, Peter and Stephens, Matthew},
	year = {2018},
	month = {11},
	date = {2018-11-26},
	journal = {Nature Genetics},
	pages = {187--195},
	volume = {51},
	number = {1},
	doi = {10.1038/s41588-018-0268-8},
	url = {http://dx.doi.org/10.1038/s41588-018-0268-8},
	langid = {en}
}

@article{kiniry2005,
	title = {Switchgrass simulation by the ALMANAC model at diverse sites in the southern US},
	author = {Kiniry, J.R. and Cassida, K.A. and Hussey, M.A. and Muir, J.P. and Ocumpaugh, W.R. and Read, J.C. and Reed, R.L. and Sanderson, M.A. and Venuto, B.C. and Williams, J.R.},
	year = {2005},
	month = {12},
	date = {2005-12},
	journal = {Biomass and Bioenergy},
	pages = {419--425},
	volume = {29},
	number = {6},
	doi = {10.1016/j.biombioe.2005.06.003},
	url = {http://dx.doi.org/10.1016/j.biombioe.2005.06.003},
	langid = {en}
}

@article{behrman2013,
	title = {Spatial forecasting of switchgrass productivity under current and future climate change scenarios},
	author = {Behrman, Kathrine D. and Kiniry, James R. and Winchell, Michael and Juenger, Thomas E. and Keitt, Timothy H.},
	year = {2013},
	month = {01},
	date = {2013-01},
	journal = {Ecological Applications},
	pages = {73--85},
	volume = {23},
	number = {1},
	doi = {10.1890/12-0436.1},
	url = {http://dx.doi.org/10.1890/12-0436.1},
	langid = {en}
}

@article{Matrix,
	title = {Matrix: Sparse and Dense Matrix Classes and Methods},
	author = {Bates, Douglas and Maechler, Martin and Jagan, Mikael},
	year = {2023},
	date = {2023},
	url = {https://CRAN.R-project.org/package=Matrix}
}

@article{mashr,
	title = {Flexible statistical methods for estimating and testing effects in genomic studies with multiple conditions},
	author = {, Sarah Urbut and , Gao Wang and , Peter Carbonetto and , Matthew Stephens},
	year = {2019},
	date = {2019},
	volume = {51}
}

@article{falconer1952,
	title = {The Problem of Environment and Selection},
	author = {Falconer, D. S.},
	year = {1952},
	month = {09},
	date = {1952-09},
	journal = {The American Naturalist},
	pages = {293--298},
	volume = {86},
	number = {830},
	doi = {10.1086/281736},
	url = {http://dx.doi.org/10.1086/281736},
	langid = {en}
}

@article{Lovell2021,
	title = {Genomic mechanisms of climate adaptation in polyploid bioenergy switchgrass},
	author = {Lovell, John T. and MacQueen, Alice H. and Mamidi, Sujan and Bonnette, Jason and Jenkins, Jerry and Napier, Joseph D. and Sreedasyam, Avinash and Healey, Adam and Session, Adam and Shu, Shengqiang and Barry, Kerrie and Bonos, Stacy and Boston, LoriBeth and Daum, Christopher and Deshpande, Shweta and Ewing, Aren and Grabowski, Paul P. and Haque, Taslima and Harrison, Melanie and Jiang, Jiming and Kudrna, Dave and Lipzen, Anna and Pendergast, Thomas H. and Plott, Chris and Qi, Peng and Saski, Christopher A. and Shakirov, Eugene V. and Sims, David and Sharma, Manoj and Sharma, Rita and Stewart, Ada and Singan, Vasanth R. and Tang, Yuhong and Thibivillier, Sandra and Webber, Jenell and Weng, Xiaoyu and Williams, Melissa and Wu, Guohong Albert and Yoshinaga, Yuko and Zane, Matthew and Zhang, Li and Zhang, Jiyi and Behrman, Kathrine D. and Boe, Arvid R. and Fay, Philip A. and Fritschi, Felix B. and Jastrow, Julie D. and Lloyd-Reilley, John and {Martínez-Reyna}, Juan Manuel and Matamala, Roser and Mitchell, Robert B. and Rouquette, Francis M. and Ronald, Pamela and Saha, Malay and Tobias, Christian M. and Udvardi, Michael and Wing, Rod A. and Wu, Yanqi and Bartley, Laura E. and Casler, Michael and Devos, Katrien M. and Lowry, David B. and Rokhsar, Daniel S. and Grimwood, Jane and Juenger, Thomas E. and Schmutz, Jeremy},
	year = {2021},
	month = {01},
	date = {2021-01-27},
	journal = {Nature},
	pages = {438--444},
	volume = {590},
	number = {7846},
	doi = {10.1038/s41586-020-03127-1},
	url = {http://dx.doi.org/10.1038/s41586-020-03127-1},
	langid = {en}
}

@inbook{clark2013,
	title = {Genomic Best Linear Unbiased Prediction (gBLUP) for the Estimation of Genomic Breeding Values},
	author = {Clark, Samuel A. and van der Werf, Julius},
	year = {2013},
	date = {2013},
	publisher = {Humana Press},
	pages = {321--330},
	doi = {10.1007/978-1-62703-447-0_13},
	url = {http://dx.doi.org/10.1007/978-1-62703-447-0_13}
}

@article{abdellaoui2013,
	title = {Population structure, migration, and diversifying selection in the Netherlands},
	author = {Abdellaoui, Abdel and Hottenga, Jouke-Jan and Knijff, Peter de and Nivard, Michel G and Xiao, Xiangjun and Scheet, Paul and Brooks, Andrew and Ehli, Erik A and Hu, Yueshan and Davies, Gareth E and Hudziak, James J and Sullivan, Patrick F and van Beijsterveldt, Toos and Willemsen, Gonneke and de Geus, Eco J and Penninx, Brenda W J H and Boomsma, Dorret I},
	year = {2013},
	month = {03},
	date = {2013-03-27},
	journal = {European Journal of Human Genetics},
	pages = {1277--1285},
	volume = {21},
	number = {11},
	doi = {10.1038/ejhg.2013.48},
	url = {http://dx.doi.org/10.1038/ejhg.2013.48},
	langid = {en}
}

@article{price2008,
	title = {Long-Range LD Can Confound Genome Scans in Admixed Populations},
	author = {Price, Alkes L. and Weale, Michael E. and Patterson, Nick and Myers, Simon R. and Need, Anna C. and Shianna, Kevin V. and Ge, Dongliang and Rotter, Jerome I. and Torres, Esther and Taylor, {Kent D.} and Goldstein, David B. and Reich, David},
	year = {2008},
	month = {07},
	date = {2008-07},
	journal = {The American Journal of Human Genetics},
	pages = {132--135},
	volume = {83},
	number = {1},
	doi = {10.1016/j.ajhg.2008.06.005},
	url = {http://dx.doi.org/10.1016/j.ajhg.2008.06.005},
	langid = {en}
}

@misc{privé2017,
	title = {Efficient management and analysis of large-scale genome-wide data with two R packages: bigstatsr and bigsnpr},
	author = {{Privé}, Florian and Aschard, Hugues and Blum, Michael G.B.},
	year = {2017},
	month = {09},
	date = {2017-09-19},
	url = {http://dx.doi.org/10.1101/190926}
}

@misc{privé2017a,
	title = {Efficient management and analysis of large-scale genome-wide data with two R packages: bigstatsr and bigsnpr},
	author = {{Privé}, Florian and Aschard, Hugues and Blum, Michael G.B.},
	year = {2017},
	month = {09},
	date = {2017-09-19},
	url = {http://dx.doi.org/10.1101/190926}
}

@article{Devlin1999,
	title = {Genomic Control for Association Studies},
	author = {Devlin, B. and Roeder, Kathryn},
	year = {1999},
	month = {12},
	date = {1999-12},
	journal = {Biometrics},
	pages = {997--1004},
	volume = {55},
	number = {4},
	doi = {10.1111/j.0006-341x.1999.00997.x},
	url = {http://dx.doi.org/10.1111/j.0006-341x.1999.00997.x},
	langid = {en}
}
